<?xml version="1.0" encoding="UTF-8"?><collection xmlns="http://www.loc.gov/MARC21/slim"><record><leader>00584nam--2200193-i-4500</leader><controlfield tag="001">000043237</controlfield><controlfield tag="002">20161230</controlfield><controlfield tag="005">20161230201043</controlfield><controlfield tag="008">060222s1000------------r-----000-0-rum-d</controlfield><datafield ind1=" " ind2=" " tag="040"><subfield code="a">IFIN-HH</subfield></datafield><datafield ind1=" " ind2=" " tag="041"><subfield code="a">rum</subfield></datafield><datafield ind1=" " ind2=" " tag="080"><subfield code="a">531</subfield></datafield><datafield ind1="1" ind2=" " tag="100"><subfield code="a">Suslov,G.K</subfield></datafield><datafield ind1="1" ind2="0" tag="245"><subfield code="a">Mecanica rationala</subfield><subfield code="b">Vol. II. Statica, integrarea ecuatiilor dinamicii. Dinamica solidului rigid. Teoria percursiunilor</subfield><subfield code="c">G.K. Suslov</subfield></datafield><datafield ind1=" " ind2=" " tag="260"><subfield code="a">Bucuresti, Ed.Tehnica,1950</subfield></datafield><datafield ind1=" " ind2=" " tag="300"><subfield code="a">320 P</subfield></datafield><datafield ind1=" " ind2=" " tag="500"><subfield code="a">Tit. orig. in lb. rusa: Teoreticeskaia mehanika</subfield></datafield><datafield ind1=" " ind2=" " tag="852"><subfield code="a">26142</subfield><subfield code="c">/ 531</subfield></datafield><datafield ind1=" " ind2=" " tag="CAT"><subfield code="a">Sys</subfield><subfield code="c">20100623</subfield><subfield code="h">104837</subfield></datafield></record></collection>